@article{ms,
  title={Generating samples under a Wright--Fisher neutral model of genetic variation},
  author={Hudson, Richard R},
  journal={Bioinformatics},
  volume={18},
  number={2},
  pages={337--338},
  year={2002},
  publisher={Oxford Univ Press}
}

@book{hed,
  title={Genetics of populations},
  author={Hedrick, Philip},
  year={2011},
  publisher={Jones \& Bartlett Learning}
}

