@article{mezmouk,
  title={Effect of population structure corrections on the results of association mapping tests in complex maize diversity panels},
  author={Mezmouk, Sofiane and Dubreuil, Pierre and Bosio, Micka{\"e}l and D{\'e}cousset, Laurent and Charcosset, Alain and Praud, Sebastien and Mangin, Brigitte},
  journal={Theoretical and applied genetics},
  volume={122},
  number={6},
  pages={1149--1160},
  year={2011},
  publisher={Springer}
}

@article{pritchard,
  title={Association mapping in structured populations},
  author={Pritchard, Jonathan K and Stephens, Matthew and Rosenberg, Noah A and Donnelly, Peter},
  journal={The American Journal of Human Genetics},
  volume={67},
  number={1},
  pages={170--181},
  year={2000},
  publisher={Elsevier}
}